<?xml version="1.0" encoding="UTF-8"?>
<collection xmlns:xsi="http://www.w3.org/2001/XMLSchema-instance" xsi:schemaLocation="http://www.loc.gov/MARC21/slim http://www.loc.gov/standards/marcxml/schema/MARC21slim.xsd" xmlns="http://www.loc.gov/MARC21/slim">
<record>
  <leader>00880cam a22001931i 4500</leader>
  <controlfield tag="001">867122</controlfield>
  <controlfield tag="003">NNC</controlfield>
  <controlfield tag="005">20150920223327.0</controlfield>
  <controlfield tag="008">891011m19071909ua            000 0 ara d</controlfield>
  <datafield tag="035" ind1=" " ind2=" ">
    <subfield code="a">(OCoLC)ocm20465810</subfield>
  </datafield>
  <datafield tag="035" ind1=" " ind2=" ">
    <subfield code="9">AES0603CU</subfield>
  </datafield>
  <datafield tag="035" ind1=" " ind2=" ">
    <subfield code="a">(NNC)867122</subfield>
  </datafield>
  <datafield tag="040" ind1=" " ind2=" ">
    <subfield code="a">ZCU</subfield>
    <subfield code="c">ZCU</subfield>
  </datafield>
  <datafield tag="090" ind1=" " ind2=" ">
    <subfield code="a">B753.I63</subfield>
    <subfield code="b">M37 1907</subfield>
  </datafield>
  <datafield tag="100" ind1="1" ind2=" ">
    <subfield code="a">Ījī, ʻAḍud al-Dīn ʻAbd al-Raḥmān ibn Aḥmad,</subfield>
    <subfield code="d">-1355?</subfield>
  </datafield>
  <datafield tag="245" ind1="0" ind2="0">
    <subfield code="a">Kitāb al-Mawāqif [fī ʻilm al-kalām] /</subfield>
    <subfield code="c">taʾ līf ʻAḍud al-Dīn ʻAbd al-Raḥmān ibn Aḥmad al-Īji. Maʻa ḥāshiyatayn : iḥdāhumā li-ʻAbd al-Ḥakīm al-Siyālkūtī ; wa-al-thāniyah li-Ḥasan Chelebī ibn Muḥammad Shāh al-Fanārī.</subfield>
  </datafield>
  <datafield tag="250" ind1=" " ind2=" ">
    <subfield code="a">ʻUniya bi-taṣḥīḥihī Muḥammad Badr al-Dīn al-Naʻsānī.</subfield>
  </datafield>
  <datafield tag="260" ind1=" " ind2=" ">
    <subfield code="a">al-Qāhirah :</subfield>
    <subfield code="b">Maṭbaʻat al-Saʻādah,</subfield>
    <subfield code="c">1325-1327 [1907-1909]</subfield>
  </datafield>
  <datafield tag="300" ind1=" " ind2=" ">
    <subfield code="a">8 v. in 4 ;</subfield>
    <subfield code="c">27 cm.</subfield>
  </datafield>
  <datafield tag="955" ind1=" " ind2=" ">
    <subfield code="b">0112418021</subfield>
    <subfield code="d">glx</subfield>
    <subfield code="e">B753.I63 M37 1907</subfield>
    <subfield code="v">v.1-2</subfield>
  </datafield>
</record>
</collection>